@article{key1,
  title={OVERVIEW FOR GRAPH DATA STRUCTURE},
  author={Steven Halim},
  journal={Competitive programming 3},
  volume={2},
  number={5},   
  pages={181--182},
  year={2013},
}

@article{key2,
  title={VI Graph Algorithms},
  author={Thomas H. Cormen
  Charles E. Leiserson,
  Ronald L. Rivest,
  Clifford Stein},
  journal={Introduction to Algorithms Third Edition},
  pages={587--593}
  year={2009},
}

